@inproceedings{esempio_citazione,
  title={Deep residual learning for image recognition},
  author={He, Kaiming and Zhang, Xiangyu and Ren, Shaoqing and Sun, Jian},
  booktitle={Proceedings of the IEEE conference on computer vision and pattern recognition},
  pages={770--778},
  year={2016}
}

@incollection{mccloskey1989catastrophic,
  title={Catastrophic interference in connectionist networks: The sequential learning problem},
  author={McCloskey, Michael and Cohen, Neal J},
  booktitle={Psychology of learning and motivation},
  volume={24},
  pages={109--165},
  year={1989},
  publisher={Elsevier}
}

@misc{php,
  title={{PHP}},
  howpublished={\url{http://www.php.net}}
}